@Misc{Apple1997,
 author    = "Apple Computer and TBWA-Chiat-Day",
 title     = "Think different",
 howpublished = "online",
 year      =  1997,
 note   = "{As discussed on the wikipedia article ({https://en.wikipedia.org/wiki/Think_different}) in Feb. 1st, 2022.}"
}
@Book{xie2015,
  title = {Dynamic Documents with {R} and knitr},
  author = {Yihui Xie},
  publisher = {Chapman and Hall/CRC},
  address = {Boca Raton, Florida},
  year = {2015},
  edition = {2nd},
  note = {ISBN 978-1498716963},
  url = {http://yihui.org/knitr/},
}
